@misc{wgpu:source,
  author = {Wgpu},
  title  = {Wgpu Source Code},
  year   = {\the\year{}},
  url    = {https://github.com/gfx-rs/wgpu}
}

@misc{wgpu:tutorial,
  author = {Wgpu},
  title  = {Learn Wgpu},
  year   = {\the\year{}},
  url    = {https://sotrh.github.io/learn-wgpu}
}

@misc{webgpu,
  author = {W3C},
  title  = {WebGPU Specification},
  year   = {\the\year{}},
  url    = {https://www.w3.org/TR/webgpu}
}

@misc{survey,
  author = {StackOverflow},
  title  = {StackOverflow Developer Survey},
  year   = {2021},
  url    = {https://insights.stackoverflow.com/survey/2021}
}

@misc{teardown:steam,
  author = {Tuxedo Labs},
  title  = {Teardown Steam},
  year   = {2021},
  url    = {https://store.steampowered.com/app/1167630/Teardown}
}

@misc{phong,
  author = {Scratchapixel},
  title  = {The Phong Model, Introduction to the Concepts of Shader, Reflection Models and BRDF},
  year   = {2022},
  url    = {https://www.scratchapixel.com/lessons/3d-basic-rendering/phong-shader-BRDF}
}

@misc{bevy,
  author = {Bevy},
  title  = {Bevy},
  year   = {2022},
  url    = {https://bevyengine.org}
}

@misc{flycam,
  author = {sburris0},
  title  = {Bevy Flycam},
  year   = {2022},
  url    = {https://github.com/sburris0/bevy_flycam}
}

@misc{teardown:tech,
  author = {Tuxedo Labs},
  title  = {Tuxedo Labs Teardown Technical Teardown},
  year   = {2020},
  url    = {https://www.youtube.com/watch?v=0VzE8ROwC58}
}

@misc{github,
  author = {GitHub},
  title  = {GitHub},
  year   = {2022},
  url    = {https://github.com}
}

@misc{ethics,
  author = {Engineers Australia},
  title  = {Code of Ethics},
  year   = {2022},
  url    = {https://www.engineersaustralia.org.au/publications/code-ethics}
}